<record><leader>00000cas a22000007a 4500</leader><controlfield tag="001">25298881</controlfield><controlfield tag="008">920219d18491uuuwyu x ne      0    0eng d</controlfield><datafield ind1=" " ind2=" " tag="010"><subfield code="a">sn 92066949 </subfield></datafield><datafield ind1=" " ind2=" " tag="040"><subfield code="a">NVO</subfield><subfield code="b">eng</subfield><subfield code="c">NVO</subfield><subfield code="d">OCL</subfield><subfield code="d">OCLCQ</subfield><subfield code="d">OCLCF</subfield><subfield code="d">OCLCO</subfield></datafield><datafield ind1=" " ind2=" " tag="042"><subfield code="a">msc</subfield></datafield><datafield ind1=" " ind2=" " tag="043"><subfield code="a">n-us-wy</subfield></datafield><datafield ind1="0" ind2="4" tag="245"><subfield code="a">The Chugg water journal.</subfield></datafield><datafield ind1=" " ind2=" " tag="260"><subfield code="a">Fort Laramie [Wyo.] :</subfield><subfield code="b">A Quartette</subfield></datafield><datafield ind1=" " ind2=" " tag="300"><subfield code="a">v.</subfield></datafield><datafield ind1=" " ind2=" " tag="310"><subfield code="a">Irregular ("occasionally, sometimes oftener, if not sooner")</subfield></datafield><datafield ind1="1" ind2=" " tag="362"><subfield code="a">Began in 1849.</subfield></datafield><datafield ind1=" " ind2=" " tag="500"><subfield code="a">Hand written in cursive script.</subfield></datafield><datafield ind1=" " ind2=" " tag="588"><subfield code="a">Description based on: Vol. 1, no. 2 (Oct. 1849).</subfield></datafield><datafield ind1=" " ind2="0" tag="651"><subfield code="a">Fort Laramie (Wyo. : Fort)</subfield><subfield code="v">Newspapers.</subfield></datafield><datafield ind1=" " ind2="4" tag="650"><subfield code="a">Military bases, American</subfield><subfield code="z">Wyoming</subfield><subfield code="v">Newspapers.</subfield></datafield><datafield ind1=" " ind2="7" tag="655"><subfield code="a">Newspapers.</subfield><subfield code="2">fast</subfield><subfield code="0">(OCoLC)fst01423814</subfield></datafield><datafield ind1=" " ind2="7" tag="651"><subfield code="a">Wyoming</subfield><subfield code="z">Fort Laramie (Fort)</subfield><subfield code="2">fast</subfield><subfield code="0">(OCoLC)fst01333513</subfield></datafield><datafield ind1=" " ind2=" " tag="752"><subfield code="a">United States</subfield><subfield code="b">Wyoming</subfield><subfield code="d">Fort Laramie.</subfield></datafield></record>